<?xml version="1.0" encoding="UTF-8"?><collection xmlns="http://www.loc.gov/MARC21/slim"><record><leader>00385nam--2200133-i-4500</leader><controlfield tag="001">000041237</controlfield><controlfield tag="002">20161230</controlfield><controlfield tag="005">20161230201043</controlfield><controlfield tag="008">060222s1000------------r-----000-0-eng-d</controlfield><datafield ind1=" " ind2=" " tag="100"><subfield code="a">Septier,A</subfield></datafield><datafield ind1=" " ind2=" " tag="245"><subfield code="a">Guides d`ondes.cavites. mesure en haute frequence</subfield></datafield><datafield ind1=" " ind2=" " tag="260"><subfield code="a">Saclay, Centre D`Etude Nucleaires, /F.An</subfield></datafield><datafield ind1=" " ind2=" " tag="490"><subfield code="a">Th.Ety Technique Des Accelerateurs De Particules</subfield></datafield><datafield ind1=" " ind2=" " tag="852"><subfield code="a">15319</subfield></datafield></record></collection>